@book{Griewank2008,
	title={Evaluating Derivatives: Principles and Techniques of Algorithmic Differentiation, Second Edition},
	author={Andreas Griewank},
	year={September 26, 2008},
	publisher={Society for Industrial and Applied Mathematic}
}
@misc{wikiAD,
	title = {Automatic differentiation},
	howpublished  = {\url{https://en.wikipedia.org/wiki/Automatic_differentiation}},
	note = {Url Updated: 2013-03-14}
}

@article{IntroAD,
	title={Introduction to Automatic Differentiation and {MATLAB} Object-Oriented Programming},
	author={Richard D. Neidinger},
	journal={SIAM REVIEW},
	volume={52},
	number={3},
	pages={545--563},
	year={2010},
	publisher={Society for Industrial & Applied Mathematics}
}

@book{FCinNM,
	title={First Course in Numerical Methods},
	author={GREIF, CHEN Ascher},
	year={2013},
	publisher={Society for Industrial & Applied Mathematics}
}

@book{C++PrimerPlus,
	title={C++ Primer Plus (6th Edition)},
	author={Stephen Prata},
	year={Oct. 18 2011},
	publisher={Addison-Wesley Professional}
}

@book{C++Primer,
	title={{C}++ {P}rimer (5th {E}dition)},
	author={Stanley B. Lippman, Jos\'{e}e Lajoie, Barbara E. Moo},
	year={August 16, 2012},
	publisher={Addison-Wesley Professional}
}

@misc{MPFRman,
	title = {{GNU MPFR} reference manual},
	howpublished  = {\url{http://www.mpfr.org/mpfr-current/mpfr.pdf}},
	note = {Url Updated: September 2016}
}

@misc{mpfrcpp,
author = {P. Holoborodko},
title = {{MPFR C++}},
howpublished = {http://www.holoborodko.com/pavel/mpfr/},
year = {2008-2012}
}

@misc{FADBAD++,
	title = {Flexible Automatic differentiation using templates and operator overloading in {C}++},
	author= {Ole Stauning, Claus Bendtsen},
	howpublished  = {\url{http://www.fadbad.com/fadbad.html}},
	note = {Url Updated: 19-Apr-2012}
}
%note = {Url Updated: 06-Jun-2007}

@book{UMLGuide,
	title={Unified Modeling Language User Guide, The, 2nd Edition},
	author={ Grady Booch, James Rumbaugh, Ivar Jacobson},
	year={2005},
	publisher={Addison-Wesley Professional}
}

@book{IntroAl,
	title={Introduction to Algorithms, 3rd Edition},
	author={Cormen, Thomas H. and Leiserson, Charles E. and Rivest, Ronald L. and Stein, Clifford},
	year={2009},
	publisher={The MIT Press}
}